% This file was created with JabRef 2.10.
% Encoding: UTF-8


@Book{Ascher1987,
  Title                    = {Numerical Solution of Boundary Value Problems for Ordinary Differential Equations},
  Author                   = {Ascher, U. and Mattheij, R. and Russell, R.},
  Publisher                = {Society for Industrial and Applied Mathematics},
  Year                     = {1995},

  Doi                      = {10.1137/1.9781611971231},
  Eprint                   = {https://epubs.siam.org/doi/pdf/10.1137/1.9781611971231},
  Url                      = {https://epubs.siam.org/doi/abs/10.1137/1.9781611971231}
}

@Book{Bagchi1999,
  Title                    = {Multiobjective Scheduling by Genetic Algorithms},
  Author                   = {Tapan P. Bagchi},
  Publisher                = {Springer US},
  Year                     = {1999},

  Address                  = {New York}
}

@Book{BerkovMedhin2013,
  Title                    = {Nonlinear optimal control theory},
  Author                   = {Berkovitz, Leonard David and Medhin, Negash G},
  Publisher                = {CRC press},
  Year                     = {2013}
}

@Book{BoltyanskiPoznyak2012,
  Title                    = {The Robust Maximum Principle: Theory and Applications},
  Author                   = {Vladimir G. Boltyanski and Alexander S. Poznyak},
  Publisher                = {Birkh\"auser Basel},
  Year                     = {2012}
}

@Book{bradley1971smallpox,
  Title                    = {Smallpox inoculation: an eighteenth century mathematical controversy},
  Author                   = {Bradley, Leslie and Bernoulli, Daniel and d'Alembert, Jean Le Rond},
  Publisher                = {Continuing Education Press},
  Year                     = {1971},

  ISBN                     = {0902031236}
}

 @incollection {Byrd2006,
    AUTHOR = {Byrd, Richard H. and Nocedal, Jorge and Waltz, Richard A.},
     TITLE = {K{NITRO}: {A}n integrated package for nonlinear optimization},
 BOOKTITLE = {Large-scale nonlinear optimization},
    SERIES = {Nonconvex Optim. Appl.},
    VOLUME = {83},
     PAGES = {35--59},
 PUBLISHER = {Springer, New York},
      YEAR = {2006},
   MRCLASS = {90-04 (65K10 90C30 90C51)},
  MRNUMBER = {2194566},
       DOI = {10.1007/0-387-30065-1_4},
       URL = {https://doi.org/10.1007/0-387-30065-1_4},
}


@Book{Cesari83,
  Title                    = {Optimization---theory and applications},
  Author                   = {Cesari, Lamberto},
  Publisher                = {Springer-Verlag, New York},
  Year                     = {1983},
  Note                     = {Problems with ordinary differential equations},
  Series                   = {Applications of Mathematics (New York)},
  Volume                   = {17},

  Doi                      = {10.1007/978-1-4613-8165-5},
  ISBN                     = {0-387-90676-2},
  Mrclass                  = {49-01},
  Mrnumber                 = {688142},
  Mrreviewer               = {Thomas S. Angell},
  Pages                    = {xiv+542},
  Url                      = {https://doi.org/10.1007/978-1-4613-8165-5}
}

@Book{FlemingRishel75,
  Title                    = {Deterministic and stochastic optimal control},
  Author                   = {Fleming, Wendell H and Rishel, Raymond W},
  Publisher                = {Springer Science \& Business Media},
  Year                     = {1975},
  Volume                   = {1}
}

@Book{Foppa2017,
  Title                    = {A Historical Introduction to Mathematical Modeling of 
 Infectious Diseases. Seminal Papers in Epidemiology},
  Author                   = {Ivo M. Foppa},
  Publisher                = {Academic Press},
  Year                     = {2016},
  Edition                  = {1},

  ISBN                     = {0128022604,978-0-12-802260-3},
  Url                      = {http://gen.lib.rus.ec/book/index.php?md5=1fc878c650bd401495051a43f657e7ee}
}

@Book{JHH1975,
  Title                    = {Adaptation in Natural and Artificial Systems: An Introductory Analysis with Applications to Biology, Control, and Artificial Intelligence},
  Author                   = {John H. Holland},
  Publisher                = {MIT Press},
  Year                     = {1975},

  Address                  = {Cambridge, MA}
}

@Book{Diehl2001,
  Title                    = {MUSCOD-II Users Manual},
  Author                   = {K{\"u}hl, Peter and Ferreau, Joachim and Albersmeyer, Jan and Kirches, Christian and Wirsching, Leonard and Sager, Sebastian and Potschka, Andreas and Schulz, Gerrit and Diehl, Moritz and Leineweber, Daniel B and others},
  Publisher                = {University of Heidelberg},
  Year                     = {2007}
}

@Book{Keller1976,
  Title                    = {Numerical Solution of Two Point Boundary Value Problems},
  Author                   = {Keller, H.},
  Publisher                = {Society for Industrial and Applied Mathematics},
  Year                     = {1976},

  Doi                      = {10.1137/1.9781611970449},
  Eprint                   = {https://epubs.siam.org/doi/pdf/10.1137/1.9781611970449},
  Url                      = {https://epubs.siam.org/doi/abs/10.1137/1.9781611970449}
}

@Book{lenhart2007optimal,
  Title                    = {Optimal control applied to biological models},
  Author                   = {Lenhart, Suzanne and Workman, John T.},
  Publisher                = {Chapman \& Hall/CRC, Boca Raton, FL},
  Year                     = {2007},
  Series                   = {Chapman \& Hall/CRC Mathematical and Computational Biology
 Series},

  ISBN                     = {978-1-58488-640-2; 1-58488-640-4},
  Mrclass                  = {49-01 (49-04 49N90 92-02)},
  Mrnumber                 = {2316829},
  Pages                    = {xii+261}
}

@Book{Loeb2016,
  Title                    = {Real analysis},
  Author                   = {Loeb, Peter A.},
  Publisher                = {Birkh\"auser/Springer},
  Year                     = {2016},

  Doi                      = {10.1007/978-3-319-30744-2},
  ISBN                     = {978-3-319-30742-8; 978-3-319-30744-2},
  Mrclass                  = {00-01 (28-01 46-01 54-01)},
  Mrnumber                 = {3495356},
  Pages                    = {xii+274},
  Url                      = {https://doi.org/10.1007/978-3-319-30744-2}
}

@Book{pontryagin1962,
  Title                    = {The mathematical theory of optimal processes},
  Author                   = {Pontryagin, L. S. and Boltyanskii, V. G. and Gamkrelidze, R.
 V. and Mishchenko, E. F.},
  Publisher                = {Interscience Publishers John Wiley \& Sons, Inc.\, New
 York-London},
  Year                     = {1962},
  Series                   = {Translated from the Russian by K. N. Trirogoff; edited by L.
 W. Neustadt},

  Mrclass                  = {93.00},
  Mrnumber                 = {0166037},
  Owner                    = {saul},
  Pages                    = {viii+360},
  Timestamp                = {2018.08.20}
}

@Book{Price_Storn2005,
  Title                    = {Differential Evolution: A Practical Approach to Global Optimization},
  Author                   = {Kenneth V. Price and Rainer M. Storn and Jouni A. Lampinen},
  Publisher                = {Springer-Verlag},
  Year                     = {2005},

  Address                  = {Berlin}
}

@Book{Stoer2013,
  Title                    = {Introduction to Numerical Analysis},
  Author                   = {Stoer, J. and Bartels, R. and Gautschi, W. and Bulirsch, R. and Witzgall, C.},
  Publisher                = {Springer New York},
  Year                     = {2013},
  Series                   = {Texts in Applied Mathematics},

  Doi                      = {10.1007/978-1-4757-2272-7},
  ISBN                     = {9781475722727}
}

@Book{Teschl,
  Title                    = {Ordinary differential equations and dynamical systems},
  Author                   = {Teschl, Gerald},
  Publisher                = {American Mathematical Society, Providence, RI},
  Year                     = {2012},
  Series                   = {Graduate Studies in Mathematics},
  Volume                   = {140},

  Doi                      = {10.1090/gsm/140},
  ISBN                     = {978-0-8218-8328-0},
  Mrclass                  = {34-01 (37-01 39-01)},
  Mrnumber                 = {2961944},
  Mrreviewer               = {Eleonora Catsigeras},
  Pages                    = {xii+356},
  Url                      = {https://doi.org/10.1090/gsm/140}
}

@Book{Yong2015,
  Title                    = {Differential games: a concise introduction},
  Author                   = {Yong, Jiongmin},
  Publisher                = {World Scientific},
  Year                     = {2015}
}

